<record><leader>00000cas a22000007a 4500</leader><controlfield tag="001">10838589</controlfield><controlfield tag="008">840613d18721902iauwr ne      0    0eng d</controlfield><datafield ind1=" " ind2=" " tag="010"><subfield code="a">sn 84027022 </subfield></datafield><datafield ind1=" " ind2=" " tag="040"><subfield code="a">NPU</subfield><subfield code="b">eng</subfield><subfield code="c">NPU</subfield><subfield code="d">NPX</subfield><subfield code="d">INP</subfield><subfield code="d">OCLCQ</subfield></datafield><datafield ind1=" " ind2=" " tag="042"><subfield code="a">msc</subfield></datafield><datafield ind1="0" ind2="4" tag="245"><subfield code="a">The Algona Republican.</subfield></datafield><datafield ind1="1" ind2="3" tag="246"><subfield code="a">Upper Des Moines Republican</subfield></datafield><datafield ind1=" " ind2=" " tag="260"><subfield code="a">Algona, Kossuth County, Iowa :</subfield><subfield code="b">Horton, Jones &amp; Co.,</subfield><subfield code="c">1872-1902.</subfield></datafield><datafield ind1=" " ind2=" " tag="300"><subfield code="a">37 v.</subfield></datafield><datafield ind1=" " ind2=" " tag="310"><subfield code="a">Weekly</subfield></datafield><datafield ind1="0" ind2=" " tag="362"><subfield code="a">Vol. 1, no. 30 (May 16, 1872)-v. 37, no. 15 (July 2, 1902).</subfield></datafield><datafield ind1=" " ind2=" " tag="500"><subfield code="a">Publisher varies.</subfield></datafield><datafield ind1=" " ind2=" " tag="500"><subfield code="a">"Republican," &lt;1876&gt;.</subfield></datafield><datafield ind1=" " ind2=" " tag="500"><subfield code="a">Editors: Horton &amp; Starr, &lt;1876&gt;.</subfield></datafield><datafield ind1=" " ind2=" " tag="515"><subfield code="a">Issues for Jan. 29-June 24, 1902 called v. 30, no. 19-40, but constitute v. 31, no. 19-40; v. 31, no. 41-v. 37, no. 14 omitted in numbering.</subfield></datafield><datafield ind1=" " ind2=" " tag="752"><subfield code="a">United States</subfield><subfield code="b">Iowa</subfield><subfield code="c">Kossuth</subfield><subfield code="d">Algona.</subfield></datafield><datafield ind1="0" ind2="0" tag="780"><subfield code="t">Algona times</subfield><subfield code="w">(DLC)sn 87057736</subfield></datafield><datafield ind1="0" ind2="7" tag="785"><subfield code="t">Upper Des Moines</subfield><subfield code="w">(DLC)sn 84027023</subfield></datafield><datafield ind1="0" ind2="7" tag="785"><subfield code="t">Upper Des Moines Republican</subfield><subfield code="w">(DLC)sn 87057738</subfield></datafield><datafield ind1="1" ind2=" " tag="029"><subfield code="a">AU@</subfield><subfield code="b">000025786890</subfield></datafield></record>